@article{Fornberg1988,
abstract = {Simple recursions are derived for calculating the weights in compact finite difference formulas for any order of derivative and to any order of accuracy on one- dimensional grids with arbitrary spacing. Tables are included for some special cases (of equispaced grids).},
author = {Fornberg, Bengt},
doi = {10.1090/S0025-5718-1988-0935077-0},
file = {:Users/jess/Documents/Mendeley Desktop/Fornberg{\_}1988{\_}Generation of finite difference formulas on arbitrarily spaced grids.pdf:pdf},
issn = {0025-5718},
journal = {Mathematics of Computation},
keywords = {Algorithm,Finite differences,High-order accuracy,Interpolation,Math,Numerical Analysis},
mendeley-tags = {Algorithm,Finite differences,High-order accuracy,Interpolation,Math,Numerical Analysis},
number = {184},
pages = {699--699},
title = {{Generation of finite difference formulas on arbitrarily spaced grids}},
url = {http://www.ams.org/journals/mcom/1988-51-184/S0025-5718-1988-0935077-0/ http://amath.colorado.edu/faculty/fornberg/Docs/MathComp{\_}88{\_}FD{\_}formulas.pdf},
volume = {51},
year = {1988}
}
@inproceedings {SCA:SCA08:009-018,
booktitle = {Eurographics/SIGGRAPH Symposium on Computer Animation},
editor = {Markus Gross and Doug James},
title = {{Low Viscosity Flow Simulations for Animation}},
author = {Molemaker, Jeroen and Cohen, Jonathan M. and Patel, Sanjit and Noh, Jonyong},
year = {2008},
publisher = {The Eurographics Association},
ISSN = {1727-5288},
ISBN = {978-3-905674-10-1},
DOI = {10.2312/SCA/SCA08/009-018}
}
